@misc{flare,
  title = {{Flare engine github page}},
  howpublished = "\url{https://github.com/clintbellanger/flare-engine/}",
  note = "[Online; accessed Oct 26 13]"
}

@misc{holyspirit,
  title = {{Holyspirit sourceforge page}},
  howpublished = "\url{http://sourceforge.net/projects/lechemindeladam/}",
  note = "[Online; accessed Oct 26 13]"
}

@misc{fife,
  title = {{Fife wiki features page}},
  howpublished = "\url{https://github.com/fifengine/fifengine/wiki/Features}",
  note = "[Online; accessed Oct 26 13]"
}

@misc{sdls,
  title = {{SDL\_sound homepage}},
  howpublished = "\url{http://www.icculus.org/SDL_sound/}",
  note = "[Online; accessed Oct 26 13]"
}

@misc{libavcodec,
  title = {{libavcodec wikipedia, supported formats}},
  howpublished = "\url{http://en.wikipedia.org/wiki/Libavcodec#Implemented_audio_codecs}",
  note = "[Online; accessed Oct 26 13]"
}

@misc{ddt,
  title = {{ProjectDDT sourceforge page}},
  howpublished = "\url{http://sourceforge.net/projects/projectddt/?source=dlp}",
  note = "[Online; accessed Oct 26 13]"
}

@misc{openmw,
  title = {{OpenMW website}},
  howpublished = "\url{https://openmw.org/en/}",
  note = "[Online; accessed Mar 24 14]"
}

@misc{tinykeep,
  title = {{TinyKeep website}},
  howpublished = "\url{http://tinykeep.com/}",
  note = "[Online; accessed Mar 25 14]"
}

@misc{tinygen,
  title = {{TinyKeep Dungeon Generation Algorithm}},
  howpublished = "\url{http://www.reddit.com/r/gamedev/comments/1dlwc4/procedural_dungeon_generation_algorithm_explained/}",
  note = "[Online; accessed Mar 25 14]"
}

@misc{diablo,
  title = {{Diablo 1}},
  howpublished = "\url{http://www.diablowiki.net/Diablo_I}",
  note = "[Online; accessed Apr 8 14]"
}

@misc{rogue,
  title = {{History of Rogue}},
  howpublished = "\url{http://www.gamasutra.com/view/feature/4013/the_history_of_rogue_have__you_.php}",
  note = "[Online; accessed Apr 8 14]"
}

@misc{d1hd,
  title = {{Diablo 1 HD Mod}},
  howpublished = "\url{http://mod.diablo1.eu.org/}",
  note = "[Online; accessed Apr 9 14]"
}

@misc{dmodhex,
  title = {{The Dark Mod hex reference}},
  howpublished = "\url{http://www.thedark5.com/info/mod.html}",
  note = "[Online; accessed Apr 10 14]"
}

@misc{hexrays,
  title = {{Hex Rays IDA}},
  howpublished = "\url{https://www.hex-rays.com/products/ida/index.shtml}",
  note = "[Online; accessed Apr 10 14]"
}

@misc{jarulf,
  title = {{Jarulf's guide to Diablo and Hellfire, version 1.62}},
  howpublished = "\url{http://www.lurkerlounge.com/diablo/jarulf/jarulf162.pdf}",
  note = "[Online; accessed Apr 10 14]"
}

@misc{stormlib,
  title = {{StormLib Library page}},
  howpublished = "\url{http://www.zezula.net/en/mpq/stormlib.html}",
  note = "[Online; accessed Apr 10 14]"
}

@misc{blizzconv,
  title = {{blizzconv github page}},
  howpublished = "\url{https://github.com/mewrnd/blizzconv}",
  note = "[Online; accessed Apr 13 14]"
}